%YAML 1.1
%TAG !u! tag:unity3d.com,2011:
--- !u!29 &1
OcclusionCullingSettings:
  m_ObjectHideFlags: 0
  serializedVersion: 2
  m_OcclusionBakeSettings:
    smallestOccluder: 5
    smallestHole: 0.25
    backfaceThreshold: 100
  m_SceneGUID: 00000000000000000000000000000000
  m_OcclusionCullingData: {fileID: 0}
--- !u!104 &2
RenderSettings:
  m_ObjectHideFlags: 0
  serializedVersion: 8
  m_Fog: 0
  m_FogColor: {r: 0.5, g: 0.5, b: 0.5, a: 1}
  m_FogMode: 3
  m_FogDensity: 0.01
  m_LinearFogStart: 0
  m_LinearFogEnd: 300
  m_AmbientSkyColor: {r: 0.212, g: 0.227, b: 0.259, a: 1}
  m_AmbientEquatorColor: {r: 0.114, g: 0.125, b: 0.133, a: 1}
  m_AmbientGroundColor: {r: 0.047, g: 0.043, b: 0.035, a: 1}
  m_AmbientIntensity: 1
  m_AmbientMode: 3
  m_SubtractiveShadowColor: {r: 0.42, g: 0.478, b: 0.627, a: 1}
  m_SkyboxMaterial: {fileID: 0}
  m_HaloStrength: 0.5
  m_FlareStrength: 1
  m_FlareFadeSpeed: 3
  m_HaloTexture: {fileID: 0}
  m_SpotCookie: {fileID: 10001, guid: 0000000000000000e000000000000000, type: 0}
  m_DefaultReflectionMode: 0
  m_DefaultReflectionResolution: 128
  m_ReflectionBounces: 1
  m_ReflectionIntensity: 1
  m_CustomReflection: {fileID: 0}
  m_Sun: {fileID: 0}
  m_IndirectSpecularColor: {r: 0, g: 0, b: 0, a: 1}
--- !u!157 &3
LightmapSettings:
  m_ObjectHideFlags: 0
  serializedVersion: 11
  m_GIWorkflowMode: 1
  m_GISettings:
    serializedVersion: 2
    m_BounceScale: 1
    m_IndirectOutputScale: 1
    m_AlbedoBoost: 1
    m_TemporalCoherenceThreshold: 1
    m_EnvironmentLightingMode: 0
    m_EnableBakedLightmaps: 0
    m_EnableRealtimeLightmaps: 0
  m_LightmapEditorSettings:
    serializedVersion: 9
    m_Resolution: 2
    m_BakeResolution: 40
    m_TextureWidth: 1024
    m_TextureHeight: 1024
    m_AO: 0
    m_AOMaxDistance: 1
    m_CompAOExponent: 1
    m_CompAOExponentDirect: 0
    m_Padding: 2
    m_LightmapParameters: {fileID: 0}
    m_LightmapsBakeMode: 1
    m_TextureCompression: 1
    m_FinalGather: 0
    m_FinalGatherFiltering: 1
    m_FinalGatherRayCount: 256
    m_ReflectionCompression: 2
    m_MixedBakeMode: 2
    m_BakeBackend: 0
    m_PVRSampling: 1
    m_PVRDirectSampleCount: 32
    m_PVRSampleCount: 500
    m_PVRBounces: 2
    m_PVRFilterTypeDirect: 0
    m_PVRFilterTypeIndirect: 0
    m_PVRFilterTypeAO: 0
    m_PVRFilteringMode: 1
    m_PVRCulling: 1
    m_PVRFilteringGaussRadiusDirect: 1
    m_PVRFilteringGaussRadiusIndirect: 5
    m_PVRFilteringGaussRadiusAO: 2
    m_PVRFilteringAtrousPositionSigmaDirect: 0.5
    m_PVRFilteringAtrousPositionSigmaIndirect: 2
    m_PVRFilteringAtrousPositionSigmaAO: 1
    m_ShowResolutionOverlay: 1
  m_LightingDataAsset: {fileID: 0}
  m_UseShadowmask: 1
--- !u!196 &4
NavMeshSettings:
  serializedVersion: 2
  m_ObjectHideFlags: 0
  m_BuildSettings:
    serializedVersion: 2
    agentTypeID: 0
    agentRadius: 0.5
    agentHeight: 2
    agentSlope: 45
    agentClimb: 0.4
    ledgeDropHeight: 0
    maxJumpAcrossDistance: 0
    minRegionArea: 2
    manualCellSize: 0
    cellSize: 0.16666667
    manualTileSize: 0
    tileSize: 256
    accuratePlacement: 0
    debug:
      m_Flags: 0
  m_NavMeshData: {fileID: 0}
--- !u!1001 &35806101
Prefab:
  m_ObjectHideFlags: 0
  serializedVersion: 2
  m_Modification:
    m_TransformParent: {fileID: 0}
    m_Modifications:
    - target: {fileID: 4412121531744722, guid: aaaf1d7e279b64a99aaab3a89be373b4, type: 2}
      propertyPath: m_LocalPosition.x
      value: 0.18
      objectReference: {fileID: 0}
    - target: {fileID: 4412121531744722, guid: aaaf1d7e279b64a99aaab3a89be373b4, type: 2}
      propertyPath: m_LocalPosition.y
      value: 8.4
      objectReference: {fileID: 0}
    - target: {fileID: 4412121531744722, guid: aaaf1d7e279b64a99aaab3a89be373b4, type: 2}
      propertyPath: m_LocalPosition.z
      value: -2
      objectReference: {fileID: 0}
    - target: {fileID: 4412121531744722, guid: aaaf1d7e279b64a99aaab3a89be373b4, type: 2}
      propertyPath: m_LocalRotation.x
      value: 0
      objectReference: {fileID: 0}
    - target: {fileID: 4412121531744722, guid: aaaf1d7e279b64a99aaab3a89be373b4, type: 2}
      propertyPath: m_LocalRotation.y
      value: 0
      objectReference: {fileID: 0}
    - target: {fileID: 4412121531744722, guid: aaaf1d7e279b64a99aaab3a89be373b4, type: 2}
      propertyPath: m_LocalRotation.z
      value: 0.9914449
      objectReference: {fileID: 0}
    - target: {fileID: 4412121531744722, guid: aaaf1d7e279b64a99aaab3a89be373b4, type: 2}
      propertyPath: m_LocalRotation.w
      value: 0.13052626
      objectReference: {fileID: 0}
    - target: {fileID: 4412121531744722, guid: aaaf1d7e279b64a99aaab3a89be373b4, type: 2}
      propertyPath: m_RootOrder
      value: 15
      objectReference: {fileID: 0}
    - target: {fileID: 114200325860017300, guid: aaaf1d7e279b64a99aaab3a89be373b4,
        type: 2}
      propertyPath: text
      value: 
      objectReference: {fileID: 1131982313}
    - target: {fileID: 114200325860017300, guid: aaaf1d7e279b64a99aaab3a89be373b4,
        type: 2}
      propertyPath: atacante1
      value: 
      objectReference: {fileID: 855513289}
    - target: {fileID: 114200325860017300, guid: aaaf1d7e279b64a99aaab3a89be373b4,
        type: 2}
      propertyPath: atacante2
      value: 
      objectReference: {fileID: 2088135236}
    - target: {fileID: 4412121531744722, guid: aaaf1d7e279b64a99aaab3a89be373b4, type: 2}
      propertyPath: m_LocalScale.x
      value: 1.2
      objectReference: {fileID: 0}
    - target: {fileID: 4412121531744722, guid: aaaf1d7e279b64a99aaab3a89be373b4, type: 2}
      propertyPath: m_LocalScale.y
      value: 1.2
      objectReference: {fileID: 0}
    - target: {fileID: 114200325860017300, guid: aaaf1d7e279b64a99aaab3a89be373b4,
        type: 2}
      propertyPath: goleiro1
      value: 
      objectReference: {fileID: 1947563086}
    - target: {fileID: 114200325860017300, guid: aaaf1d7e279b64a99aaab3a89be373b4,
        type: 2}
      propertyPath: goleiro2
      value: 
      objectReference: {fileID: 879942988}
    m_RemovedComponents: []
  m_ParentPrefab: {fileID: 100100000, guid: aaaf1d7e279b64a99aaab3a89be373b4, type: 2}
  m_IsPrefabParent: 0
--- !u!1 &85036104 stripped
GameObject:
  m_PrefabParentObject: {fileID: 1325912188357552, guid: db64cd1f5a6303948b9516e1899bc75f,
    type: 2}
  m_PrefabInternal: {fileID: 635739018}
--- !u!114 &85036105
MonoBehaviour:
  m_ObjectHideFlags: 0
  m_PrefabParentObject: {fileID: 0}
  m_PrefabInternal: {fileID: 0}
  m_GameObject: {fileID: 85036104}
  m_Enabled: 1
  m_EditorHideFlags: 0
  m_Script: {fileID: 11500000, guid: a9a3db687e140894b9d79b57e7862dc0, type: 3}
  m_Name: 
  m_EditorClassIdentifier: 
  next: {fileID: 162225154}
  scene: End
--- !u!114 &85036106
MonoBehaviour:
  m_ObjectHideFlags: 0
  m_PrefabParentObject: {fileID: 0}
  m_PrefabInternal: {fileID: 0}
  m_GameObject: {fileID: 85036104}
  m_Enabled: 1
  m_EditorHideFlags: 0
  m_Script: {fileID: 11500000, guid: cb79e045ccb995842af81bb58b6d89aa, type: 3}
  m_Name: 
  m_EditorClassIdentifier: 
  scene: End
--- !u!114 &162225154 stripped
MonoBehaviour:
  m_PrefabParentObject: {fileID: 114703146197170470, guid: 23a1dd49e0873df47bc5657fb3fdcd3c,
    type: 2}
  m_PrefabInternal: {fileID: 985821356}
  m_Script: {fileID: 11500000, guid: cb79e045ccb995842af81bb58b6d89aa, type: 3}
--- !u!1001 &212227091
Prefab:
  m_ObjectHideFlags: 0
  serializedVersion: 2
  m_Modification:
    m_TransformParent: {fileID: 0}
    m_Modifications:
    - target: {fileID: 4283375438154232, guid: 41c9e3b31d9e3ee4f8e924c23e13ade4, type: 2}
      propertyPath: m_LocalPosition.x
      value: -17.72
      objectReference: {fileID: 0}
    - target: {fileID: 4283375438154232, guid: 41c9e3b31d9e3ee4f8e924c23e13ade4, type: 2}
      propertyPath: m_LocalPosition.y
      value: -0.28
      objectReference: {fileID: 0}
    - target: {fileID: 4283375438154232, guid: 41c9e3b31d9e3ee4f8e924c23e13ade4, type: 2}
      propertyPath: m_LocalPosition.z
      value: 0
      objectReference: {fileID: 0}
    - target: {fileID: 4283375438154232, guid: 41c9e3b31d9e3ee4f8e924c23e13ade4, type: 2}
      propertyPath: m_LocalRotation.x
      value: 0
      objectReference: {fileID: 0}
    - target: {fileID: 4283375438154232, guid: 41c9e3b31d9e3ee4f8e924c23e13ade4, type: 2}
      propertyPath: m_LocalRotation.y
      value: 0
      objectReference: {fileID: 0}
    - target: {fileID: 4283375438154232, guid: 41c9e3b31d9e3ee4f8e924c23e13ade4, type: 2}
      propertyPath: m_LocalRotation.z
      value: 0
      objectReference: {fileID: 0}
    - target: {fileID: 4283375438154232, guid: 41c9e3b31d9e3ee4f8e924c23e13ade4, type: 2}
      propertyPath: m_LocalRotation.w
      value: 1
      objectReference: {fileID: 0}
    - target: {fileID: 4283375438154232, guid: 41c9e3b31d9e3ee4f8e924c23e13ade4, type: 2}
      propertyPath: m_RootOrder
      value: 7
      objectReference: {fileID: 0}
    - target: {fileID: 61655240217922932, guid: 41c9e3b31d9e3ee4f8e924c23e13ade4,
        type: 2}
      propertyPath: m_Offset.x
      value: 0.115184605
      objectReference: {fileID: 0}
    - target: {fileID: 61655240217922932, guid: 41c9e3b31d9e3ee4f8e924c23e13ade4,
        type: 2}
      propertyPath: m_Size.x
      value: 1.0303692
      objectReference: {fileID: 0}
    m_RemovedComponents: []
  m_ParentPrefab: {fileID: 100100000, guid: 41c9e3b31d9e3ee4f8e924c23e13ade4, type: 2}
  m_IsPrefabParent: 0
--- !u!1001 &234361936
Prefab:
  m_ObjectHideFlags: 0
  serializedVersion: 2
  m_Modification:
    m_TransformParent: {fileID: 0}
    m_Modifications:
    - target: {fileID: 4243837689473120, guid: 4d317e16efb584e489d0ef41bf3b0cc5, type: 2}
      propertyPath: m_LocalPosition.x
      value: 0
      objectReference: {fileID: 0}
    - target: {fileID: 4243837689473120, guid: 4d317e16efb584e489d0ef41bf3b0cc5, type: 2}
      propertyPath: m_LocalPosition.y
      value: 0
      objectReference: {fileID: 0}
    - target: {fileID: 4243837689473120, guid: 4d317e16efb584e489d0ef41bf3b0cc5, type: 2}
      propertyPath: m_LocalPosition.z
      value: -10
      objectReference: {fileID: 0}
    - target: {fileID: 4243837689473120, guid: 4d317e16efb584e489d0ef41bf3b0cc5, type: 2}
      propertyPath: m_LocalRotation.x
      value: 0
      objectReference: {fileID: 0}
    - target: {fileID: 4243837689473120, guid: 4d317e16efb584e489d0ef41bf3b0cc5, type: 2}
      propertyPath: m_LocalRotation.y
      value: 0
      objectReference: {fileID: 0}
    - target: {fileID: 4243837689473120, guid: 4d317e16efb584e489d0ef41bf3b0cc5, type: 2}
      propertyPath: m_LocalRotation.z
      value: 0
      objectReference: {fileID: 0}
    - target: {fileID: 4243837689473120, guid: 4d317e16efb584e489d0ef41bf3b0cc5, type: 2}
      propertyPath: m_LocalRotation.w
      value: 1
      objectReference: {fileID: 0}
    - target: {fileID: 4243837689473120, guid: 4d317e16efb584e489d0ef41bf3b0cc5, type: 2}
      propertyPath: m_RootOrder
      value: 1
      objectReference: {fileID: 0}
    m_RemovedComponents: []
  m_ParentPrefab: {fileID: 100100000, guid: 4d317e16efb584e489d0ef41bf3b0cc5, type: 2}
  m_IsPrefabParent: 0
--- !u!1001 &278430652
Prefab:
  m_ObjectHideFlags: 0
  serializedVersion: 2
  m_Modification:
    m_TransformParent: {fileID: 0}
    m_Modifications:
    - target: {fileID: 4832592196154134, guid: 97cfb67b829bd3c45b181e1b04005c73, type: 2}
      propertyPath: m_LocalPosition.x
      value: 0
      objectReference: {fileID: 0}
    - target: {fileID: 4832592196154134, guid: 97cfb67b829bd3c45b181e1b04005c73, type: 2}
      propertyPath: m_LocalPosition.y
      value: 0
      objectReference: {fileID: 0}
    - target: {fileID: 4832592196154134, guid: 97cfb67b829bd3c45b181e1b04005c73, type: 2}
      propertyPath: m_LocalPosition.z
      value: 0
      objectReference: {fileID: 0}
    - target: {fileID: 4832592196154134, guid: 97cfb67b829bd3c45b181e1b04005c73, type: 2}
      propertyPath: m_LocalRotation.x
      value: 0
      objectReference: {fileID: 0}
    - target: {fileID: 4832592196154134, guid: 97cfb67b829bd3c45b181e1b04005c73, type: 2}
      propertyPath: m_LocalRotation.y
      value: 0
      objectReference: {fileID: 0}
    - target: {fileID: 4832592196154134, guid: 97cfb67b829bd3c45b181e1b04005c73, type: 2}
      propertyPath: m_LocalRotation.z
      value: 0
      objectReference: {fileID: 0}
    - target: {fileID: 4832592196154134, guid: 97cfb67b829bd3c45b181e1b04005c73, type: 2}
      propertyPath: m_LocalRotation.w
      value: 1
      objectReference: {fileID: 0}
    - target: {fileID: 4832592196154134, guid: 97cfb67b829bd3c45b181e1b04005c73, type: 2}
      propertyPath: m_RootOrder
      value: 2
      objectReference: {fileID: 0}
    m_RemovedComponents: []
  m_ParentPrefab: {fileID: 100100000, guid: 97cfb67b829bd3c45b181e1b04005c73, type: 2}
  m_IsPrefabParent: 0
--- !u!1001 &295789294
Prefab:
  m_ObjectHideFlags: 0
  serializedVersion: 2
  m_Modification:
    m_TransformParent: {fileID: 0}
    m_Modifications:
    - target: {fileID: 4505565894643938, guid: 5abcfd55ce4872d45bcd69b675c9019b, type: 2}
      propertyPath: m_LocalPosition.x
      value: -0.72
      objectReference: {fileID: 0}
    - target: {fileID: 4505565894643938, guid: 5abcfd55ce4872d45bcd69b675c9019b, type: 2}
      propertyPath: m_LocalPosition.y
      value: -3.81
      objectReference: {fileID: 0}
    - target: {fileID: 4505565894643938, guid: 5abcfd55ce4872d45bcd69b675c9019b, type: 2}
      propertyPath: m_LocalPosition.z
      value: 0
      objectReference: {fileID: 0}
    - target: {fileID: 4505565894643938, guid: 5abcfd55ce4872d45bcd69b675c9019b, type: 2}
      propertyPath: m_LocalRotation.x
      value: 0
      objectReference: {fileID: 0}
    - target: {fileID: 4505565894643938, guid: 5abcfd55ce4872d45bcd69b675c9019b, type: 2}
      propertyPath: m_LocalRotation.y
      value: 0
      objectReference: {fileID: 0}
    - target: {fileID: 4505565894643938, guid: 5abcfd55ce4872d45bcd69b675c9019b, type: 2}
      propertyPath: m_LocalRotation.z
      value: 0
      objectReference: {fileID: 0}
    - target: {fileID: 4505565894643938, guid: 5abcfd55ce4872d45bcd69b675c9019b, type: 2}
      propertyPath: m_LocalRotation.w
      value: 1
      objectReference: {fileID: 0}
    - target: {fileID: 4505565894643938, guid: 5abcfd55ce4872d45bcd69b675c9019b, type: 2}
      propertyPath: m_RootOrder
      value: 4
      objectReference: {fileID: 0}
    - target: {fileID: 114737925953269174, guid: 5abcfd55ce4872d45bcd69b675c9019b,
        type: 2}
      propertyPath: opponentNeymar
      value: 
      objectReference: {fileID: 2088135237}
    - target: {fileID: 114737925953269174, guid: 5abcfd55ce4872d45bcd69b675c9019b,
        type: 2}
      propertyPath: opponentPlayer
      value: 
      objectReference: {fileID: 540848531}
    - target: {fileID: 114737925953269174, guid: 5abcfd55ce4872d45bcd69b675c9019b,
        type: 2}
      propertyPath: targetGoal
      value: 
      objectReference: {fileID: 1680976445}
    - target: {fileID: 212645447443208942, guid: 5abcfd55ce4872d45bcd69b675c9019b,
        type: 2}
      propertyPath: m_Sprite
      value: 
      objectReference: {fileID: 21300000, guid: da81700cb3660a445ba3aae4c8815ad7,
        type: 3}
    - target: {fileID: 4505565894643938, guid: 5abcfd55ce4872d45bcd69b675c9019b, type: 2}
      propertyPath: m_LocalScale.x
      value: 1.2
      objectReference: {fileID: 0}
    - target: {fileID: 4505565894643938, guid: 5abcfd55ce4872d45bcd69b675c9019b, type: 2}
      propertyPath: m_LocalScale.y
      value: 1.2
      objectReference: {fileID: 0}
    m_RemovedComponents: []
  m_ParentPrefab: {fileID: 100100000, guid: 5abcfd55ce4872d45bcd69b675c9019b, type: 2}
  m_IsPrefabParent: 0
--- !u!1001 &484307438
Prefab:
  m_ObjectHideFlags: 0
  serializedVersion: 2
  m_Modification:
    m_TransformParent: {fileID: 0}
    m_Modifications:
    - target: {fileID: 4375754145470886, guid: e982ff15daca1844c8203e197614eb14, type: 2}
      propertyPath: m_LocalPosition.x
      value: 3.68
      objectReference: {fileID: 0}
    - target: {fileID: 4375754145470886, guid: e982ff15daca1844c8203e197614eb14, type: 2}
      propertyPath: m_LocalPosition.y
      value: 0.33
      objectReference: {fileID: 0}
    - target: {fileID: 4375754145470886, guid: e982ff15daca1844c8203e197614eb14, type: 2}
      propertyPath: m_LocalPosition.z
      value: 0
      objectReference: {fileID: 0}
    - target: {fileID: 4375754145470886, guid: e982ff15daca1844c8203e197614eb14, type: 2}
      propertyPath: m_LocalRotation.x
      value: 0
      objectReference: {fileID: 0}
    - target: {fileID: 4375754145470886, guid: e982ff15daca1844c8203e197614eb14, type: 2}
      propertyPath: m_LocalRotation.y
      value: 0
      objectReference: {fileID: 0}
    - target: {fileID: 4375754145470886, guid: e982ff15daca1844c8203e197614eb14, type: 2}
      propertyPath: m_LocalRotation.z
      value: 1
      objectReference: {fileID: 0}
    - target: {fileID: 4375754145470886, guid: e982ff15daca1844c8203e197614eb14, type: 2}
      propertyPath: m_LocalRotation.w
      value: 0
      objectReference: {fileID: 0}
    - target: {fileID: 4375754145470886, guid: e982ff15daca1844c8203e197614eb14, type: 2}
      propertyPath: m_RootOrder
      value: 11
      objectReference: {fileID: 0}
    - target: {fileID: 114416075806380284, guid: e982ff15daca1844c8203e197614eb14,
        type: 2}
      propertyPath: lifebar
      value: 
      objectReference: {fileID: 1606123924}
    - target: {fileID: 114416075806380284, guid: e982ff15daca1844c8203e197614eb14,
        type: 2}
      propertyPath: cooldownTime
      value: 1
      objectReference: {fileID: 0}
    m_RemovedComponents: []
  m_ParentPrefab: {fileID: 100100000, guid: e982ff15daca1844c8203e197614eb14, type: 2}
  m_IsPrefabParent: 0
--- !u!1001 &526011065
Prefab:
  m_ObjectHideFlags: 0
  serializedVersion: 2
  m_Modification:
    m_TransformParent: {fileID: 0}
    m_Modifications:
    - target: {fileID: 4422840523156622, guid: a7c229fc125b02f4bb5873de90ae7f37, type: 2}
      propertyPath: m_LocalPosition.x
      value: -16.24
      objectReference: {fileID: 0}
    - target: {fileID: 4422840523156622, guid: a7c229fc125b02f4bb5873de90ae7f37, type: 2}
      propertyPath: m_LocalPosition.y
      value: 9.31
      objectReference: {fileID: 0}
    - target: {fileID: 4422840523156622, guid: a7c229fc125b02f4bb5873de90ae7f37, type: 2}
      propertyPath: m_LocalPosition.z
      value: 0
      objectReference: {fileID: 0}
    - target: {fileID: 4422840523156622, guid: a7c229fc125b02f4bb5873de90ae7f37, type: 2}
      propertyPath: m_LocalRotation.x
      value: 0
      objectReference: {fileID: 0}
    - target: {fileID: 4422840523156622, guid: a7c229fc125b02f4bb5873de90ae7f37, type: 2}
      propertyPath: m_LocalRotation.y
      value: 0
      objectReference: {fileID: 0}
    - target: {fileID: 4422840523156622, guid: a7c229fc125b02f4bb5873de90ae7f37, type: 2}
      propertyPath: m_LocalRotation.z
      value: 0
      objectReference: {fileID: 0}
    - target: {fileID: 4422840523156622, guid: a7c229fc125b02f4bb5873de90ae7f37, type: 2}
      propertyPath: m_LocalRotation.w
      value: 1
      objectReference: {fileID: 0}
    - target: {fileID: 4422840523156622, guid: a7c229fc125b02f4bb5873de90ae7f37, type: 2}
      propertyPath: m_RootOrder
      value: 19
      objectReference: {fileID: 0}
    - target: {fileID: 1689709452801160, guid: a7c229fc125b02f4bb5873de90ae7f37, type: 2}
      propertyPath: m_Name
      value: Lifebar1
      objectReference: {fileID: 0}
    - target: {fileID: 212140218729027910, guid: a7c229fc125b02f4bb5873de90ae7f37,
        type: 2}
      propertyPath: m_Sprite
      value: 
      objectReference: {fileID: 21300000, guid: 8af5f79e5ea965549b5f9199d61a90ad,
        type: 3}
    - target: {fileID: 1689709452801160, guid: a7c229fc125b02f4bb5873de90ae7f37, type: 2}
      propertyPath: m_TagString
      value: Time1
      objectReference: {fileID: 0}
    m_RemovedComponents: []
  m_ParentPrefab: {fileID: 100100000, guid: a7c229fc125b02f4bb5873de90ae7f37, type: 2}
  m_IsPrefabParent: 0
--- !u!1 &526011066 stripped
GameObject:
  m_PrefabParentObject: {fileID: 1689709452801160, guid: a7c229fc125b02f4bb5873de90ae7f37,
    type: 2}
  m_PrefabInternal: {fileID: 526011065}
--- !u!61 &526011067
BoxCollider2D:
  m_ObjectHideFlags: 0
  m_PrefabParentObject: {fileID: 0}
  m_PrefabInternal: {fileID: 0}
  m_GameObject: {fileID: 526011066}
  m_Enabled: 1
  m_Density: 1
  m_Material: {fileID: 0}
  m_IsTrigger: 1
  m_UsedByEffector: 0
  m_UsedByComposite: 0
  m_Offset: {x: 0, y: 0}
  m_SpriteTilingProperty:
    border: {x: 0, y: 0, z: 0, w: 0}
    pivot: {x: 0.5, y: 0.5}
    oldSize: {x: 2.65, y: 1.35}
    newSize: {x: 0.53, y: 0.27}
    adaptiveTilingThreshold: 0.5
    drawMode: 0
    adaptiveTiling: 0
  m_AutoTiling: 0
  serializedVersion: 2
  m_Size: {x: 2.65, y: 1.35}
  m_EdgeRadius: 0
--- !u!4 &540848531 stripped
Transform:
  m_PrefabParentObject: {fileID: 4375754145470886, guid: e982ff15daca1844c8203e197614eb14,
    type: 2}
  m_PrefabInternal: {fileID: 484307438}
--- !u!1001 &635739018
Prefab:
  m_ObjectHideFlags: 0
  serializedVersion: 2
  m_Modification:
    m_TransformParent: {fileID: 0}
    m_Modifications:
    - target: {fileID: 4735224840358430, guid: db64cd1f5a6303948b9516e1899bc75f, type: 2}
      propertyPath: m_LocalPosition.x
      value: 17.36
      objectReference: {fileID: 0}
    - target: {fileID: 4735224840358430, guid: db64cd1f5a6303948b9516e1899bc75f, type: 2}
      propertyPath: m_LocalPosition.y
      value: -0.06
      objectReference: {fileID: 0}
    - target: {fileID: 4735224840358430, guid: db64cd1f5a6303948b9516e1899bc75f, type: 2}
      propertyPath: m_LocalPosition.z
      value: 0
      objectReference: {fileID: 0}
    - target: {fileID: 4735224840358430, guid: db64cd1f5a6303948b9516e1899bc75f, type: 2}
      propertyPath: m_LocalRotation.x
      value: 0
      objectReference: {fileID: 0}
    - target: {fileID: 4735224840358430, guid: db64cd1f5a6303948b9516e1899bc75f, type: 2}
      propertyPath: m_LocalRotation.y
      value: 0
      objectReference: {fileID: 0}
    - target: {fileID: 4735224840358430, guid: db64cd1f5a6303948b9516e1899bc75f, type: 2}
      propertyPath: m_LocalRotation.z
      value: 0
      objectReference: {fileID: 0}
    - target: {fileID: 4735224840358430, guid: db64cd1f5a6303948b9516e1899bc75f, type: 2}
      propertyPath: m_LocalRotation.w
      value: 1
      objectReference: {fileID: 0}
    - target: {fileID: 4735224840358430, guid: db64cd1f5a6303948b9516e1899bc75f, type: 2}
      propertyPath: m_RootOrder
      value: 6
      objectReference: {fileID: 0}
    m_RemovedComponents: []
  m_ParentPrefab: {fileID: 100100000, guid: db64cd1f5a6303948b9516e1899bc75f, type: 2}
  m_IsPrefabParent: 0
--- !u!1001 &686928922
Prefab:
  m_ObjectHideFlags: 0
  serializedVersion: 2
  m_Modification:
    m_TransformParent: {fileID: 0}
    m_Modifications:
    - target: {fileID: 4916425750935122, guid: 2757b6c2c81c3a34e802428df6f4b122, type: 2}
      propertyPath: m_LocalPosition.x
      value: -4.15
      objectReference: {fileID: 0}
    - target: {fileID: 4916425750935122, guid: 2757b6c2c81c3a34e802428df6f4b122, type: 2}
      propertyPath: m_LocalPosition.y
      value: 0.33
      objectReference: {fileID: 0}
    - target: {fileID: 4916425750935122, guid: 2757b6c2c81c3a34e802428df6f4b122, type: 2}
      propertyPath: m_LocalPosition.z
      value: 0
      objectReference: {fileID: 0}
    - target: {fileID: 4916425750935122, guid: 2757b6c2c81c3a34e802428df6f4b122, type: 2}
      propertyPath: m_LocalRotation.x
      value: 0
      objectReference: {fileID: 0}
    - target: {fileID: 4916425750935122, guid: 2757b6c2c81c3a34e802428df6f4b122, type: 2}
      propertyPath: m_LocalRotation.y
      value: 0
      objectReference: {fileID: 0}
    - target: {fileID: 4916425750935122, guid: 2757b6c2c81c3a34e802428df6f4b122, type: 2}
      propertyPath: m_LocalRotation.z
      value: 0
      objectReference: {fileID: 0}
    - target: {fileID: 4916425750935122, guid: 2757b6c2c81c3a34e802428df6f4b122, type: 2}
      propertyPath: m_LocalRotation.w
      value: 1
      objectReference: {fileID: 0}
    - target: {fileID: 4916425750935122, guid: 2757b6c2c81c3a34e802428df6f4b122, type: 2}
      propertyPath: m_RootOrder
      value: 10
      objectReference: {fileID: 0}
    - target: {fileID: 114792763549576104, guid: 2757b6c2c81c3a34e802428df6f4b122,
        type: 2}
      propertyPath: lifebar
      value: 
      objectReference: {fileID: 880638516}
    - target: {fileID: 114792763549576104, guid: 2757b6c2c81c3a34e802428df6f4b122,
        type: 2}
      propertyPath: cooldownTime
      value: 1
      objectReference: {fileID: 0}
    m_RemovedComponents: []
  m_ParentPrefab: {fileID: 100100000, guid: 2757b6c2c81c3a34e802428df6f4b122, type: 2}
  m_IsPrefabParent: 0
--- !u!4 &770175823 stripped
Transform:
  m_PrefabParentObject: {fileID: 4916425750935122, guid: 2757b6c2c81c3a34e802428df6f4b122,
    type: 2}
  m_PrefabInternal: {fileID: 686928922}
--- !u!1001 &813596512
Prefab:
  m_ObjectHideFlags: 0
  serializedVersion: 2
  m_Modification:
    m_TransformParent: {fileID: 0}
    m_Modifications:
    - target: {fileID: 4491723144481348, guid: 71f1c11e73f9ab64abe702a799c3c4ba, type: 2}
      propertyPath: m_LocalPosition.x
      value: 16.88
      objectReference: {fileID: 0}
    - target: {fileID: 4491723144481348, guid: 71f1c11e73f9ab64abe702a799c3c4ba, type: 2}
      propertyPath: m_LocalPosition.y
      value: -9.04
      objectReference: {fileID: 0}
    - target: {fileID: 4491723144481348, guid: 71f1c11e73f9ab64abe702a799c3c4ba, type: 2}
      propertyPath: m_LocalPosition.z
      value: 0
      objectReference: {fileID: 0}
    - target: {fileID: 4491723144481348, guid: 71f1c11e73f9ab64abe702a799c3c4ba, type: 2}
      propertyPath: m_LocalRotation.x
      value: 0
      objectReference: {fileID: 0}
    - target: {fileID: 4491723144481348, guid: 71f1c11e73f9ab64abe702a799c3c4ba, type: 2}
      propertyPath: m_LocalRotation.y
      value: 0
      objectReference: {fileID: 0}
    - target: {fileID: 4491723144481348, guid: 71f1c11e73f9ab64abe702a799c3c4ba, type: 2}
      propertyPath: m_LocalRotation.z
      value: 0
      objectReference: {fileID: 0}
    - target: {fileID: 4491723144481348, guid: 71f1c11e73f9ab64abe702a799c3c4ba, type: 2}
      propertyPath: m_LocalRotation.w
      value: 1
      objectReference: {fileID: 0}
    - target: {fileID: 4491723144481348, guid: 71f1c11e73f9ab64abe702a799c3c4ba, type: 2}
      propertyPath: m_RootOrder
      value: 17
      objectReference: {fileID: 0}
    m_RemovedComponents: []
  m_ParentPrefab: {fileID: 100100000, guid: 71f1c11e73f9ab64abe702a799c3c4ba, type: 2}
  m_IsPrefabParent: 0
--- !u!1001 &816304042
Prefab:
  m_ObjectHideFlags: 0
  serializedVersion: 2
  m_Modification:
    m_TransformParent: {fileID: 0}
    m_Modifications:
    - target: {fileID: 4506960257419924, guid: 241b860e00339df4bb4f1e387fc165aa, type: 2}
      propertyPath: m_LocalPosition.x
      value: 0
      objectReference: {fileID: 0}
    - target: {fileID: 4506960257419924, guid: 241b860e00339df4bb4f1e387fc165aa, type: 2}
      propertyPath: m_LocalPosition.y
      value: 0
      objectReference: {fileID: 0}
    - target: {fileID: 4506960257419924, guid: 241b860e00339df4bb4f1e387fc165aa, type: 2}
      propertyPath: m_LocalPosition.z
      value: 0
      objectReference: {fileID: 0}
    - target: {fileID: 4506960257419924, guid: 241b860e00339df4bb4f1e387fc165aa, type: 2}
      propertyPath: m_LocalRotation.x
      value: 0
      objectReference: {fileID: 0}
    - target: {fileID: 4506960257419924, guid: 241b860e00339df4bb4f1e387fc165aa, type: 2}
      propertyPath: m_LocalRotation.y
      value: 0
      objectReference: {fileID: 0}
    - target: {fileID: 4506960257419924, guid: 241b860e00339df4bb4f1e387fc165aa, type: 2}
      propertyPath: m_LocalRotation.z
      value: 0
      objectReference: {fileID: 0}
    - target: {fileID: 4506960257419924, guid: 241b860e00339df4bb4f1e387fc165aa, type: 2}
      propertyPath: m_LocalRotation.w
      value: 1
      objectReference: {fileID: 0}
    - target: {fileID: 4506960257419924, guid: 241b860e00339df4bb4f1e387fc165aa, type: 2}
      propertyPath: m_RootOrder
      value: 0
      objectReference: {fileID: 0}
    m_RemovedComponents: []
  m_ParentPrefab: {fileID: 100100000, guid: 241b860e00339df4bb4f1e387fc165aa, type: 2}
  m_IsPrefabParent: 0
--- !u!114 &855513289 stripped
MonoBehaviour:
  m_PrefabParentObject: {fileID: 114737925953269174, guid: 5abcfd55ce4872d45bcd69b675c9019b,
    type: 2}
  m_PrefabInternal: {fileID: 295789294}
  m_Script: {fileID: 11500000, guid: c6c3aefb273968344bfce8a86f1590c2, type: 3}
--- !u!4 &855513290 stripped
Transform:
  m_PrefabParentObject: {fileID: 4505565894643938, guid: 5abcfd55ce4872d45bcd69b675c9019b,
    type: 2}
  m_PrefabInternal: {fileID: 295789294}
--- !u!1001 &879942987
Prefab:
  m_ObjectHideFlags: 0
  serializedVersion: 2
  m_Modification:
    m_TransformParent: {fileID: 0}
    m_Modifications:
    - target: {fileID: 4128801890442582, guid: 0d96a0c70a3992540acc5cdfc514c315, type: 2}
      propertyPath: m_LocalPosition.x
      value: 16.46
      objectReference: {fileID: 0}
    - target: {fileID: 4128801890442582, guid: 0d96a0c70a3992540acc5cdfc514c315, type: 2}
      propertyPath: m_LocalPosition.y
      value: 0.26
      objectReference: {fileID: 0}
    - target: {fileID: 4128801890442582, guid: 0d96a0c70a3992540acc5cdfc514c315, type: 2}
      propertyPath: m_LocalPosition.z
      value: 0
      objectReference: {fileID: 0}
    - target: {fileID: 4128801890442582, guid: 0d96a0c70a3992540acc5cdfc514c315, type: 2}
      propertyPath: m_LocalRotation.x
      value: 0
      objectReference: {fileID: 0}
    - target: {fileID: 4128801890442582, guid: 0d96a0c70a3992540acc5cdfc514c315, type: 2}
      propertyPath: m_LocalRotation.y
      value: 0
      objectReference: {fileID: 0}
    - target: {fileID: 4128801890442582, guid: 0d96a0c70a3992540acc5cdfc514c315, type: 2}
      propertyPath: m_LocalRotation.z
      value: 0
      objectReference: {fileID: 0}
    - target: {fileID: 4128801890442582, guid: 0d96a0c70a3992540acc5cdfc514c315, type: 2}
      propertyPath: m_LocalRotation.w
      value: 1
      objectReference: {fileID: 0}
    - target: {fileID: 4128801890442582, guid: 0d96a0c70a3992540acc5cdfc514c315, type: 2}
      propertyPath: m_RootOrder
      value: 14
      objectReference: {fileID: 0}
    - target: {fileID: 1501147634621012, guid: 0d96a0c70a3992540acc5cdfc514c315, type: 2}
      propertyPath: m_Name
      value: Goleiro2
      objectReference: {fileID: 0}
    - target: {fileID: 1501147634621012, guid: 0d96a0c70a3992540acc5cdfc514c315, type: 2}
      propertyPath: m_TagString
      value: Time2
      objectReference: {fileID: 0}
    - target: {fileID: 114332056735674352, guid: 0d96a0c70a3992540acc5cdfc514c315,
        type: 2}
      propertyPath: enemyNeymar
      value: 
      objectReference: {fileID: 855513289}
    - target: {fileID: 114332056735674352, guid: 0d96a0c70a3992540acc5cdfc514c315,
        type: 2}
      propertyPath: atacante
      value: 
      objectReference: {fileID: 2088135236}
    m_RemovedComponents: []
  m_ParentPrefab: {fileID: 100100000, guid: 0d96a0c70a3992540acc5cdfc514c315, type: 2}
  m_IsPrefabParent: 0
--- !u!114 &879942988 stripped
MonoBehaviour:
  m_PrefabParentObject: {fileID: 114332056735674352, guid: 0d96a0c70a3992540acc5cdfc514c315,
    type: 2}
  m_PrefabInternal: {fileID: 879942987}
  m_Script: {fileID: 11500000, guid: 69e0a37ff90319e4aadbf16317a36ff1, type: 3}
--- !u!114 &880638516 stripped
MonoBehaviour:
  m_PrefabParentObject: {fileID: 114874307132973982, guid: a7c229fc125b02f4bb5873de90ae7f37,
    type: 2}
  m_PrefabInternal: {fileID: 526011065}
  m_Script: {fileID: 11500000, guid: 971b9c97481ff9543a47696c8251650e, type: 3}
--- !u!1 &898366446 stripped
GameObject:
  m_PrefabParentObject: {fileID: 1550464643467100, guid: aaaf1d7e279b64a99aaab3a89be373b4,
    type: 2}
  m_PrefabInternal: {fileID: 35806101}
--- !u!50 &898366447
Rigidbody2D:
  serializedVersion: 4
  m_ObjectHideFlags: 0
  m_PrefabParentObject: {fileID: 0}
  m_PrefabInternal: {fileID: 0}
  m_GameObject: {fileID: 898366446}
  m_BodyType: 0
  m_Simulated: 1
  m_UseFullKinematicContacts: 0
  m_UseAutoMass: 0
  m_Mass: 70
  m_LinearDrag: 0
  m_AngularDrag: 0
  m_GravityScale: 0
  m_Material: {fileID: 0}
  m_Interpolate: 0
  m_SleepingMode: 1
  m_CollisionDetection: 0
  m_Constraints: 0
--- !u!61 &898366448
BoxCollider2D:
  m_ObjectHideFlags: 0
  m_PrefabParentObject: {fileID: 0}
  m_PrefabInternal: {fileID: 0}
  m_GameObject: {fileID: 898366446}
  m_Enabled: 1
  m_Density: 1
  m_Material: {fileID: 0}
  m_IsTrigger: 1
  m_UsedByEffector: 0
  m_UsedByComposite: 0
  m_Offset: {x: 0, y: 0}
  m_SpriteTilingProperty:
    border: {x: 0, y: 0, z: 0, w: 0}
    pivot: {x: 0.5, y: 0.5}
    oldSize: {x: 2.05, y: 1.45}
    newSize: {x: 2.05, y: 1.45}
    adaptiveTilingThreshold: 0.5
    drawMode: 0
    adaptiveTiling: 0
  m_AutoTiling: 0
  serializedVersion: 2
  m_Size: {x: 2.05, y: 1.45}
  m_EdgeRadius: 0
--- !u!1001 &985821356
Prefab:
  m_ObjectHideFlags: 0
  serializedVersion: 2
  m_Modification:
    m_TransformParent: {fileID: 0}
    m_Modifications:
    - target: {fileID: 4481263280396942, guid: 23a1dd49e0873df47bc5657fb3fdcd3c, type: 2}
      propertyPath: m_LocalPosition.x
      value: 17.36
      objectReference: {fileID: 0}
    - target: {fileID: 4481263280396942, guid: 23a1dd49e0873df47bc5657fb3fdcd3c, type: 2}
      propertyPath: m_LocalPosition.y
      value: -0.06
      objectReference: {fileID: 0}
    - target: {fileID: 4481263280396942, guid: 23a1dd49e0873df47bc5657fb3fdcd3c, type: 2}
      propertyPath: m_LocalPosition.z
      value: 0
      objectReference: {fileID: 0}
    - target: {fileID: 4481263280396942, guid: 23a1dd49e0873df47bc5657fb3fdcd3c, type: 2}
      propertyPath: m_LocalRotation.x
      value: -0
      objectReference: {fileID: 0}
    - target: {fileID: 4481263280396942, guid: 23a1dd49e0873df47bc5657fb3fdcd3c, type: 2}
      propertyPath: m_LocalRotation.y
      value: -0
      objectReference: {fileID: 0}
    - target: {fileID: 4481263280396942, guid: 23a1dd49e0873df47bc5657fb3fdcd3c, type: 2}
      propertyPath: m_LocalRotation.z
      value: -0
      objectReference: {fileID: 0}
    - target: {fileID: 4481263280396942, guid: 23a1dd49e0873df47bc5657fb3fdcd3c, type: 2}
      propertyPath: m_LocalRotation.w
      value: 1
      objectReference: {fileID: 0}
    - target: {fileID: 4481263280396942, guid: 23a1dd49e0873df47bc5657fb3fdcd3c, type: 2}
      propertyPath: m_RootOrder
      value: 5
      objectReference: {fileID: 0}
    m_RemovedComponents: []
  m_ParentPrefab: {fileID: 100100000, guid: 23a1dd49e0873df47bc5657fb3fdcd3c, type: 2}
  m_IsPrefabParent: 0
--- !u!1001 &1131982312
Prefab:
  m_ObjectHideFlags: 0
  serializedVersion: 2
  m_Modification:
    m_TransformParent: {fileID: 0}
    m_Modifications:
    - target: {fileID: 4821045959033494, guid: dc411ba181bf1441a95446fae9fadb12, type: 2}
      propertyPath: m_LocalPosition.x
      value: 0
      objectReference: {fileID: 0}
    - target: {fileID: 4821045959033494, guid: dc411ba181bf1441a95446fae9fadb12, type: 2}
      propertyPath: m_LocalPosition.y
      value: -2.4
      objectReference: {fileID: 0}
    - target: {fileID: 4821045959033494, guid: dc411ba181bf1441a95446fae9fadb12, type: 2}
      propertyPath: m_LocalPosition.z
      value: -2
      objectReference: {fileID: 0}
    - target: {fileID: 4821045959033494, guid: dc411ba181bf1441a95446fae9fadb12, type: 2}
      propertyPath: m_LocalRotation.x
      value: 0
      objectReference: {fileID: 0}
    - target: {fileID: 4821045959033494, guid: dc411ba181bf1441a95446fae9fadb12, type: 2}
      propertyPath: m_LocalRotation.y
      value: 0
      objectReference: {fileID: 0}
    - target: {fileID: 4821045959033494, guid: dc411ba181bf1441a95446fae9fadb12, type: 2}
      propertyPath: m_LocalRotation.z
      value: 0
      objectReference: {fileID: 0}
    - target: {fileID: 4821045959033494, guid: dc411ba181bf1441a95446fae9fadb12, type: 2}
      propertyPath: m_LocalRotation.w
      value: 1
      objectReference: {fileID: 0}
    - target: {fileID: 4821045959033494, guid: dc411ba181bf1441a95446fae9fadb12, type: 2}
      propertyPath: m_RootOrder
      value: 16
      objectReference: {fileID: 0}
    m_RemovedComponents: []
  m_ParentPrefab: {fileID: 100100000, guid: dc411ba181bf1441a95446fae9fadb12, type: 2}
  m_IsPrefabParent: 0
--- !u!1 &1131982313 stripped
GameObject:
  m_PrefabParentObject: {fileID: 1957672238365278, guid: dc411ba181bf1441a95446fae9fadb12,
    type: 2}
  m_PrefabInternal: {fileID: 1131982312}
--- !u!1001 &1252328501
Prefab:
  m_ObjectHideFlags: 0
  serializedVersion: 2
  m_Modification:
    m_TransformParent: {fileID: 0}
    m_Modifications:
    - target: {fileID: 4380901576541902, guid: cc16913f93bb574438a8a1ae406cda03, type: 2}
      propertyPath: m_LocalPosition.x
      value: -3.77
      objectReference: {fileID: 0}
    - target: {fileID: 4380901576541902, guid: cc16913f93bb574438a8a1ae406cda03, type: 2}
      propertyPath: m_LocalPosition.y
      value: 2.46
      objectReference: {fileID: 0}
    - target: {fileID: 4380901576541902, guid: cc16913f93bb574438a8a1ae406cda03, type: 2}
      propertyPath: m_LocalPosition.z
      value: 0
      objectReference: {fileID: 0}
    - target: {fileID: 4380901576541902, guid: cc16913f93bb574438a8a1ae406cda03, type: 2}
      propertyPath: m_LocalRotation.x
      value: 0
      objectReference: {fileID: 0}
    - target: {fileID: 4380901576541902, guid: cc16913f93bb574438a8a1ae406cda03, type: 2}
      propertyPath: m_LocalRotation.y
      value: 0
      objectReference: {fileID: 0}
    - target: {fileID: 4380901576541902, guid: cc16913f93bb574438a8a1ae406cda03, type: 2}
      propertyPath: m_LocalRotation.z
      value: 0
      objectReference: {fileID: 0}
    - target: {fileID: 4380901576541902, guid: cc16913f93bb574438a8a1ae406cda03, type: 2}
      propertyPath: m_LocalRotation.w
      value: 1
      objectReference: {fileID: 0}
    - target: {fileID: 4380901576541902, guid: cc16913f93bb574438a8a1ae406cda03, type: 2}
      propertyPath: m_RootOrder
      value: 12
      objectReference: {fileID: 0}
    - target: {fileID: 1155177259749616, guid: cc16913f93bb574438a8a1ae406cda03, type: 2}
      propertyPath: m_TagString
      value: Ball
      objectReference: {fileID: 0}
    m_RemovedComponents: []
  m_ParentPrefab: {fileID: 100100000, guid: cc16913f93bb574438a8a1ae406cda03, type: 2}
  m_IsPrefabParent: 0
--- !u!1 &1262798769 stripped
GameObject:
  m_PrefabParentObject: {fileID: 1595974364095478, guid: 41c9e3b31d9e3ee4f8e924c23e13ade4,
    type: 2}
  m_PrefabInternal: {fileID: 212227091}
--- !u!114 &1262798770
MonoBehaviour:
  m_ObjectHideFlags: 0
  m_PrefabParentObject: {fileID: 0}
  m_PrefabInternal: {fileID: 0}
  m_GameObject: {fileID: 1262798769}
  m_Enabled: 1
  m_EditorHideFlags: 0
  m_Script: {fileID: 11500000, guid: a9a3db687e140894b9d79b57e7862dc0, type: 3}
  m_Name: 
  m_EditorClassIdentifier: 
  next: {fileID: 162225154}
  scene: End
--- !u!114 &1262798771
MonoBehaviour:
  m_ObjectHideFlags: 0
  m_PrefabParentObject: {fileID: 0}
  m_PrefabInternal: {fileID: 0}
  m_GameObject: {fileID: 1262798769}
  m_Enabled: 1
  m_EditorHideFlags: 0
  m_Script: {fileID: 11500000, guid: cb79e045ccb995842af81bb58b6d89aa, type: 3}
  m_Name: 
  m_EditorClassIdentifier: 
  scene: End
--- !u!1001 &1349257599
Prefab:
  m_ObjectHideFlags: 0
  serializedVersion: 2
  m_Modification:
    m_TransformParent: {fileID: 0}
    m_Modifications:
    - target: {fileID: 4732184890798348, guid: 86d462bd11fafd04ca15ab9a6df924e8, type: 2}
      propertyPath: m_LocalPosition.x
      value: 2.916
      objectReference: {fileID: 0}
    - target: {fileID: 4732184890798348, guid: 86d462bd11fafd04ca15ab9a6df924e8, type: 2}
      propertyPath: m_LocalPosition.y
      value: -3.162
      objectReference: {fileID: 0}
    - target: {fileID: 4732184890798348, guid: 86d462bd11fafd04ca15ab9a6df924e8, type: 2}
      propertyPath: m_LocalPosition.z
      value: 0
      objectReference: {fileID: 0}
    - target: {fileID: 4732184890798348, guid: 86d462bd11fafd04ca15ab9a6df924e8, type: 2}
      propertyPath: m_LocalRotation.x
      value: 0
      objectReference: {fileID: 0}
    - target: {fileID: 4732184890798348, guid: 86d462bd11fafd04ca15ab9a6df924e8, type: 2}
      propertyPath: m_LocalRotation.y
      value: 0
      objectReference: {fileID: 0}
    - target: {fileID: 4732184890798348, guid: 86d462bd11fafd04ca15ab9a6df924e8, type: 2}
      propertyPath: m_LocalRotation.z
      value: 0
      objectReference: {fileID: 0}
    - target: {fileID: 4732184890798348, guid: 86d462bd11fafd04ca15ab9a6df924e8, type: 2}
      propertyPath: m_LocalRotation.w
      value: 1
      objectReference: {fileID: 0}
    - target: {fileID: 4732184890798348, guid: 86d462bd11fafd04ca15ab9a6df924e8, type: 2}
      propertyPath: m_RootOrder
      value: 3
      objectReference: {fileID: 0}
    - target: {fileID: 114453447605674076, guid: 86d462bd11fafd04ca15ab9a6df924e8,
        type: 2}
      propertyPath: opponentNeymar
      value: 
      objectReference: {fileID: 855513290}
    - target: {fileID: 114453447605674076, guid: 86d462bd11fafd04ca15ab9a6df924e8,
        type: 2}
      propertyPath: opponentPlayer
      value: 
      objectReference: {fileID: 770175823}
    - target: {fileID: 114453447605674076, guid: 86d462bd11fafd04ca15ab9a6df924e8,
        type: 2}
      propertyPath: targetGoal
      value: 
      objectReference: {fileID: 1994291741}
    - target: {fileID: 4732184890798348, guid: 86d462bd11fafd04ca15ab9a6df924e8, type: 2}
      propertyPath: m_LocalScale.x
      value: 1.2
      objectReference: {fileID: 0}
    - target: {fileID: 4732184890798348, guid: 86d462bd11fafd04ca15ab9a6df924e8, type: 2}
      propertyPath: m_LocalScale.y
      value: 1.2
      objectReference: {fileID: 0}
    - target: {fileID: 212736889572614812, guid: 86d462bd11fafd04ca15ab9a6df924e8,
        type: 2}
      propertyPath: m_Sprite
      value: 
      objectReference: {fileID: 21300000, guid: 9b99a50aab90e11418b8c2c2cf6bae5d,
        type: 3}
    m_RemovedComponents: []
  m_ParentPrefab: {fileID: 100100000, guid: 86d462bd11fafd04ca15ab9a6df924e8, type: 2}
  m_IsPrefabParent: 0
--- !u!1001 &1375751986
Prefab:
  m_ObjectHideFlags: 0
  serializedVersion: 2
  m_Modification:
    m_TransformParent: {fileID: 0}
    m_Modifications:
    - target: {fileID: 4947740239702936, guid: bcf2874414bd48b4d9110fbd89368710, type: 2}
      propertyPath: m_LocalPosition.x
      value: -8.61
      objectReference: {fileID: 0}
    - target: {fileID: 4947740239702936, guid: bcf2874414bd48b4d9110fbd89368710, type: 2}
      propertyPath: m_LocalPosition.y
      value: -4
      objectReference: {fileID: 0}
    - target: {fileID: 4947740239702936, guid: bcf2874414bd48b4d9110fbd89368710, type: 2}
      propertyPath: m_LocalPosition.z
      value: 0
      objectReference: {fileID: 0}
    - target: {fileID: 4947740239702936, guid: bcf2874414bd48b4d9110fbd89368710, type: 2}
      propertyPath: m_LocalRotation.x
      value: -0
      objectReference: {fileID: 0}
    - target: {fileID: 4947740239702936, guid: bcf2874414bd48b4d9110fbd89368710, type: 2}
      propertyPath: m_LocalRotation.y
      value: -0
      objectReference: {fileID: 0}
    - target: {fileID: 4947740239702936, guid: bcf2874414bd48b4d9110fbd89368710, type: 2}
      propertyPath: m_LocalRotation.z
      value: -0
      objectReference: {fileID: 0}
    - target: {fileID: 4947740239702936, guid: bcf2874414bd48b4d9110fbd89368710, type: 2}
      propertyPath: m_LocalRotation.w
      value: 1
      objectReference: {fileID: 0}
    - target: {fileID: 4947740239702936, guid: bcf2874414bd48b4d9110fbd89368710, type: 2}
      propertyPath: m_RootOrder
      value: 9
      objectReference: {fileID: 0}
    - target: {fileID: 114251115540925106, guid: bcf2874414bd48b4d9110fbd89368710,
        type: 2}
      propertyPath: neymar
      value: 
      objectReference: {fileID: 2088135236}
    - target: {fileID: 114347186313630710, guid: bcf2874414bd48b4d9110fbd89368710,
        type: 2}
      propertyPath: neymar
      value: 
      objectReference: {fileID: 2088135236}
    - target: {fileID: 114518434541460854, guid: bcf2874414bd48b4d9110fbd89368710,
        type: 2}
      propertyPath: neymar
      value: 
      objectReference: {fileID: 2088135236}
    m_RemovedComponents: []
  m_ParentPrefab: {fileID: 100100000, guid: bcf2874414bd48b4d9110fbd89368710, type: 2}
  m_IsPrefabParent: 0
--- !u!1 &1572550539 stripped
GameObject:
  m_PrefabParentObject: {fileID: 1155177259749616, guid: cc16913f93bb574438a8a1ae406cda03,
    type: 2}
  m_PrefabInternal: {fileID: 1252328501}
--- !u!95 &1572550540 stripped
Animator:
  m_PrefabParentObject: {fileID: 95407379470023558, guid: cc16913f93bb574438a8a1ae406cda03,
    type: 2}
  m_PrefabInternal: {fileID: 1252328501}
--- !u!114 &1572550541
MonoBehaviour:
  m_ObjectHideFlags: 0
  m_PrefabParentObject: {fileID: 0}
  m_PrefabInternal: {fileID: 0}
  m_GameObject: {fileID: 1572550539}
  m_Enabled: 1
  m_EditorHideFlags: 0
  m_Script: {fileID: 11500000, guid: a5fb97632d6c72347beac33c28854403, type: 3}
  m_Name: 
  m_EditorClassIdentifier: 
  animator: {fileID: 1572550540}
  ball: {fileID: 1572550544}
--- !u!114 &1572550544 stripped
MonoBehaviour:
  m_PrefabParentObject: {fileID: 114551491550533552, guid: cc16913f93bb574438a8a1ae406cda03,
    type: 2}
  m_PrefabInternal: {fileID: 1252328501}
  m_Script: {fileID: 11500000, guid: 133c358aaa1454a4bb331dc3a71c2ff5, type: 3}
--- !u!1001 &1606123923
Prefab:
  m_ObjectHideFlags: 0
  serializedVersion: 2
  m_Modification:
    m_TransformParent: {fileID: 0}
    m_Modifications:
    - target: {fileID: 4422840523156622, guid: a7c229fc125b02f4bb5873de90ae7f37, type: 2}
      propertyPath: m_LocalPosition.x
      value: 16.3
      objectReference: {fileID: 0}
    - target: {fileID: 4422840523156622, guid: a7c229fc125b02f4bb5873de90ae7f37, type: 2}
      propertyPath: m_LocalPosition.y
      value: 9.2
      objectReference: {fileID: 0}
    - target: {fileID: 4422840523156622, guid: a7c229fc125b02f4bb5873de90ae7f37, type: 2}
      propertyPath: m_LocalPosition.z
      value: 0
      objectReference: {fileID: 0}
    - target: {fileID: 4422840523156622, guid: a7c229fc125b02f4bb5873de90ae7f37, type: 2}
      propertyPath: m_LocalRotation.x
      value: 0
      objectReference: {fileID: 0}
    - target: {fileID: 4422840523156622, guid: a7c229fc125b02f4bb5873de90ae7f37, type: 2}
      propertyPath: m_LocalRotation.y
      value: 0
      objectReference: {fileID: 0}
    - target: {fileID: 4422840523156622, guid: a7c229fc125b02f4bb5873de90ae7f37, type: 2}
      propertyPath: m_LocalRotation.z
      value: 0
      objectReference: {fileID: 0}
    - target: {fileID: 4422840523156622, guid: a7c229fc125b02f4bb5873de90ae7f37, type: 2}
      propertyPath: m_LocalRotation.w
      value: 1
      objectReference: {fileID: 0}
    - target: {fileID: 4422840523156622, guid: a7c229fc125b02f4bb5873de90ae7f37, type: 2}
      propertyPath: m_RootOrder
      value: 18
      objectReference: {fileID: 0}
    - target: {fileID: 1689709452801160, guid: a7c229fc125b02f4bb5873de90ae7f37, type: 2}
      propertyPath: m_Name
      value: Lifebar2
      objectReference: {fileID: 0}
    - target: {fileID: 212140218729027910, guid: a7c229fc125b02f4bb5873de90ae7f37,
        type: 2}
      propertyPath: m_Sprite
      value: 
      objectReference: {fileID: 21300000, guid: 8af5f79e5ea965549b5f9199d61a90ad,
        type: 3}
    - target: {fileID: 1689709452801160, guid: a7c229fc125b02f4bb5873de90ae7f37, type: 2}
      propertyPath: m_TagString
      value: Time2
      objectReference: {fileID: 0}
    m_RemovedComponents: []
  m_ParentPrefab: {fileID: 100100000, guid: a7c229fc125b02f4bb5873de90ae7f37, type: 2}
  m_IsPrefabParent: 0
--- !u!114 &1606123924 stripped
MonoBehaviour:
  m_PrefabParentObject: {fileID: 114874307132973982, guid: a7c229fc125b02f4bb5873de90ae7f37,
    type: 2}
  m_PrefabInternal: {fileID: 1606123923}
  m_Script: {fileID: 11500000, guid: 971b9c97481ff9543a47696c8251650e, type: 3}
--- !u!1 &1606123925 stripped
GameObject:
  m_PrefabParentObject: {fileID: 1689709452801160, guid: a7c229fc125b02f4bb5873de90ae7f37,
    type: 2}
  m_PrefabInternal: {fileID: 1606123923}
--- !u!61 &1606123926
BoxCollider2D:
  m_ObjectHideFlags: 0
  m_PrefabParentObject: {fileID: 0}
  m_PrefabInternal: {fileID: 0}
  m_GameObject: {fileID: 1606123925}
  m_Enabled: 1
  m_Density: 1
  m_Material: {fileID: 0}
  m_IsTrigger: 1
  m_UsedByEffector: 0
  m_UsedByComposite: 0
  m_Offset: {x: 0, y: 0}
  m_SpriteTilingProperty:
    border: {x: 0, y: 0, z: 0, w: 0}
    pivot: {x: 0.5, y: 0.5}
    oldSize: {x: 2.65, y: 1.35}
    newSize: {x: 0.53, y: 0.27}
    adaptiveTilingThreshold: 0.5
    drawMode: 0
    adaptiveTiling: 0
  m_AutoTiling: 0
  serializedVersion: 2
  m_Size: {x: 2.65, y: 1.35}
  m_EdgeRadius: 0
--- !u!1001 &1607278811
Prefab:
  m_ObjectHideFlags: 0
  serializedVersion: 2
  m_Modification:
    m_TransformParent: {fileID: 0}
    m_Modifications:
    - target: {fileID: 4009008204195306, guid: af68a1f1f03023c4686c907193dc66cb, type: 2}
      propertyPath: m_LocalPosition.x
      value: -8.61
      objectReference: {fileID: 0}
    - target: {fileID: 4009008204195306, guid: af68a1f1f03023c4686c907193dc66cb, type: 2}
      propertyPath: m_LocalPosition.y
      value: -4
      objectReference: {fileID: 0}
    - target: {fileID: 4009008204195306, guid: af68a1f1f03023c4686c907193dc66cb, type: 2}
      propertyPath: m_LocalPosition.z
      value: 0
      objectReference: {fileID: 0}
    - target: {fileID: 4009008204195306, guid: af68a1f1f03023c4686c907193dc66cb, type: 2}
      propertyPath: m_LocalRotation.x
      value: -0
      objectReference: {fileID: 0}
    - target: {fileID: 4009008204195306, guid: af68a1f1f03023c4686c907193dc66cb, type: 2}
      propertyPath: m_LocalRotation.y
      value: -0
      objectReference: {fileID: 0}
    - target: {fileID: 4009008204195306, guid: af68a1f1f03023c4686c907193dc66cb, type: 2}
      propertyPath: m_LocalRotation.z
      value: -0
      objectReference: {fileID: 0}
    - target: {fileID: 4009008204195306, guid: af68a1f1f03023c4686c907193dc66cb, type: 2}
      propertyPath: m_LocalRotation.w
      value: 1
      objectReference: {fileID: 0}
    - target: {fileID: 4009008204195306, guid: af68a1f1f03023c4686c907193dc66cb, type: 2}
      propertyPath: m_RootOrder
      value: 8
      objectReference: {fileID: 0}
    - target: {fileID: 114591283219218902, guid: af68a1f1f03023c4686c907193dc66cb,
        type: 2}
      propertyPath: neymar
      value: 
      objectReference: {fileID: 855513289}
    - target: {fileID: 114662321261189842, guid: af68a1f1f03023c4686c907193dc66cb,
        type: 2}
      propertyPath: neymar
      value: 
      objectReference: {fileID: 855513289}
    - target: {fileID: 114770508831552924, guid: af68a1f1f03023c4686c907193dc66cb,
        type: 2}
      propertyPath: neymar
      value: 
      objectReference: {fileID: 855513289}
    m_RemovedComponents: []
  m_ParentPrefab: {fileID: 100100000, guid: af68a1f1f03023c4686c907193dc66cb, type: 2}
  m_IsPrefabParent: 0
--- !u!4 &1680976445 stripped
Transform:
  m_PrefabParentObject: {fileID: 4735224840358430, guid: db64cd1f5a6303948b9516e1899bc75f,
    type: 2}
  m_PrefabInternal: {fileID: 635739018}
--- !u!1001 &1947563085
Prefab:
  m_ObjectHideFlags: 0
  serializedVersion: 2
  m_Modification:
    m_TransformParent: {fileID: 0}
    m_Modifications:
    - target: {fileID: 4128801890442582, guid: 0d96a0c70a3992540acc5cdfc514c315, type: 2}
      propertyPath: m_LocalPosition.x
      value: -16.31
      objectReference: {fileID: 0}
    - target: {fileID: 4128801890442582, guid: 0d96a0c70a3992540acc5cdfc514c315, type: 2}
      propertyPath: m_LocalPosition.y
      value: 0.15
      objectReference: {fileID: 0}
    - target: {fileID: 4128801890442582, guid: 0d96a0c70a3992540acc5cdfc514c315, type: 2}
      propertyPath: m_LocalPosition.z
      value: 0
      objectReference: {fileID: 0}
    - target: {fileID: 4128801890442582, guid: 0d96a0c70a3992540acc5cdfc514c315, type: 2}
      propertyPath: m_LocalRotation.x
      value: 0
      objectReference: {fileID: 0}
    - target: {fileID: 4128801890442582, guid: 0d96a0c70a3992540acc5cdfc514c315, type: 2}
      propertyPath: m_LocalRotation.y
      value: 0
      objectReference: {fileID: 0}
    - target: {fileID: 4128801890442582, guid: 0d96a0c70a3992540acc5cdfc514c315, type: 2}
      propertyPath: m_LocalRotation.z
      value: 0
      objectReference: {fileID: 0}
    - target: {fileID: 4128801890442582, guid: 0d96a0c70a3992540acc5cdfc514c315, type: 2}
      propertyPath: m_LocalRotation.w
      value: 1
      objectReference: {fileID: 0}
    - target: {fileID: 4128801890442582, guid: 0d96a0c70a3992540acc5cdfc514c315, type: 2}
      propertyPath: m_RootOrder
      value: 13
      objectReference: {fileID: 0}
    - target: {fileID: 1501147634621012, guid: 0d96a0c70a3992540acc5cdfc514c315, type: 2}
      propertyPath: m_Name
      value: Goleiro1
      objectReference: {fileID: 0}
    - target: {fileID: 1501147634621012, guid: 0d96a0c70a3992540acc5cdfc514c315, type: 2}
      propertyPath: m_TagString
      value: Time1
      objectReference: {fileID: 0}
    - target: {fileID: 114332056735674352, guid: 0d96a0c70a3992540acc5cdfc514c315,
        type: 2}
      propertyPath: enemyNeymar
      value: 
      objectReference: {fileID: 2088135236}
    - target: {fileID: 114332056735674352, guid: 0d96a0c70a3992540acc5cdfc514c315,
        type: 2}
      propertyPath: atacante
      value: 
      objectReference: {fileID: 855513289}
    m_RemovedComponents: []
  m_ParentPrefab: {fileID: 100100000, guid: 0d96a0c70a3992540acc5cdfc514c315, type: 2}
  m_IsPrefabParent: 0
--- !u!114 &1947563086 stripped
MonoBehaviour:
  m_PrefabParentObject: {fileID: 114332056735674352, guid: 0d96a0c70a3992540acc5cdfc514c315,
    type: 2}
  m_PrefabInternal: {fileID: 1947563085}
  m_Script: {fileID: 11500000, guid: 69e0a37ff90319e4aadbf16317a36ff1, type: 3}
--- !u!4 &1994291741 stripped
Transform:
  m_PrefabParentObject: {fileID: 4283375438154232, guid: 41c9e3b31d9e3ee4f8e924c23e13ade4,
    type: 2}
  m_PrefabInternal: {fileID: 212227091}
--- !u!114 &2088135236 stripped
MonoBehaviour:
  m_PrefabParentObject: {fileID: 114453447605674076, guid: 86d462bd11fafd04ca15ab9a6df924e8,
    type: 2}
  m_PrefabInternal: {fileID: 1349257599}
  m_Script: {fileID: 11500000, guid: c6c3aefb273968344bfce8a86f1590c2, type: 3}
--- !u!4 &2088135237 stripped
Transform:
  m_PrefabParentObject: {fileID: 4732184890798348, guid: 86d462bd11fafd04ca15ab9a6df924e8,
    type: 2}
  m_PrefabInternal: {fileID: 1349257599}
